@InProceedings{Toshev_2014_CVPR,
author = {Toshev, Alexander and Szegedy, Christian},
title = {DeepPose: Human Pose Estimation via Deep Neural Networks},
booktitle = {The IEEE Conference on Computer Vision and Pattern Recognition (CVPR)},
month = {June},
year = {2014}
}

